<record><leader>00000cas a22000007a 4500</leader><controlfield tag="001">21590582</controlfield><controlfield tag="008">900525d19561970aruwr ne      0    0eng d</controlfield><datafield ind1=" " ind2=" " tag="010"><subfield code="a">sn 90050200 </subfield></datafield><datafield ind1=" " ind2=" " tag="040"><subfield code="a">ANU</subfield><subfield code="b">eng</subfield><subfield code="c">ANU</subfield><subfield code="d">OCLCQ</subfield><subfield code="d">OCLCF</subfield><subfield code="d">OCLCO</subfield></datafield><datafield ind1="1" ind2=" " tag="029"><subfield code="a">AU@</subfield><subfield code="b">000025903333</subfield></datafield><datafield ind1=" " ind2=" " tag="042"><subfield code="a">msc</subfield></datafield><datafield ind1=" " ind2=" " tag="043"><subfield code="a">n-us-ar</subfield></datafield><datafield ind1="0" ind2=" " tag="130"><subfield code="a">Weekly independent (Newport, Ark. : 1956)</subfield></datafield><datafield ind1="1" ind2="4" tag="245"><subfield code="a">The Weekly independent.</subfield></datafield><datafield ind1="1" ind2="3" tag="246"><subfield code="a">Newport weekly independent</subfield><subfield code="f">May 31, 1956-June 28, 1963</subfield></datafield><datafield ind1=" " ind2=" " tag="260"><subfield code="a">Newport, Ark. :</subfield><subfield code="b">Mrs. A.C. Wilkerson and Mrs. O.I. Richolson</subfield></datafield><datafield ind1=" " ind2=" " tag="300"><subfield code="a">v.</subfield></datafield><datafield ind1=" " ind2=" " tag="310"><subfield code="a">Weekly</subfield></datafield><datafield ind1="0" ind2=" " tag="362"><subfield code="a">Vol. 55, no. 212 (May 31, 1956)-Apr. 3, 1970.</subfield></datafield><datafield ind1=" " ind2=" " tag="515"><subfield code="a">Numbering is irregular.</subfield></datafield><datafield ind1=" " ind2="0" tag="651"><subfield code="a">Newport (Ark.)</subfield><subfield code="v">Newspapers.</subfield></datafield><datafield ind1=" " ind2="7" tag="655"><subfield code="a">Newspapers.</subfield><subfield code="2">fast</subfield><subfield code="0">(OCoLC)fst01423814</subfield></datafield><datafield ind1=" " ind2="7" tag="651"><subfield code="a">Arkansas</subfield><subfield code="z">Newport.</subfield><subfield code="2">fast</subfield><subfield code="0">(OCoLC)fst01216901</subfield></datafield><datafield ind1=" " ind2=" " tag="752"><subfield code="a">United States</subfield><subfield code="b">Arkansas</subfield><subfield code="c">Jackson</subfield><subfield code="d">Newport.</subfield></datafield><datafield ind1="0" ind2=" " tag="775"><subfield code="t">Newport daily independent (Newport, Ark. : 1930)</subfield><subfield code="w">(DLC)sn 89051131</subfield></datafield><datafield ind1="0" ind2="0" tag="780"><subfield code="t">Newport weekly independent (Newport, Ark. : 1930)</subfield><subfield code="w">(DLC)sn 89051133</subfield></datafield><datafield ind1="0" ind2="5" tag="780"><subfield code="t">Jackson County Democrat (Newport, Ark.)</subfield><subfield code="w">(DLC)sn 90050185</subfield></datafield><datafield ind1="0" ind2="0" tag="785"><subfield code="t">Newport weekly independent (Newport, Ark. : 1970)</subfield><subfield code="w">(DLC)sn 90050201</subfield></datafield></record>